@article{hoskins1971atmospheric,
  title={Atmospheric frontogenesis models: Some solutions},
  author={Hoskins, BJ},
  journal={Quarterly Journal of the Royal Meteorological Society},
  volume={97},
  number={412},
  pages={139--153},
  year={1971},
  publisher={Wiley Online Library}
}

@article{hoskins1972atmospheric,
  title={Atmospheric frontogenesis models: Mathematical formulation and solution},
  author={Hoskins, Brian J and Bretherton, Francis P},
  journal={Journal of the Atmospheric Sciences},
  volume={29},
  number={1},
  pages={11--37},
  year={1972}
}

@article{shutts1987parcel,
  title={Parcel stability and its relation to semigeostrophic theory},
  author={Shutts, GJ and Cullen, MJP},
  journal={Journal of the atmospheric sciences},
  volume={44},
  number={9},
  pages={1318--1330},
  year={1987}
}

@article{cullen2003fully,
  title={The fully compressible semi-geostrophic system from meteorology},
  author={Cullen, Mike and Maroofi, Hamed},
  journal={Archive for rational mechanics and analysis},
  volume={167},
  number={4},
  pages={309--336},
  year={2003},
  publisher={Springer}
}

@book{cullen2006mathematical,
  title={A mathematical theory of large-scale atmosphere/ocean flow},
  author={Cullen, Michael JP},
  year={2006},
  publisher={World Scientific}
}

@article{visram2014framework,
  title={A framework for evaluating model error using asymptotic convergence in the Eady model},
  author={Visram, AR and Cotter, CJ and Cullen, MJP},
  journal={Quarterly Journal of the Royal Meteorological Society},
  volume={140},
  number={682},
  pages={1629--1639},
  year={2014},
  publisher={Wiley Online Library}
}

@article{gallouet2016lagrangian,
  title={A Lagrangian scheme for the incompressible Euler equation using optimal transport},
  author={Gallou{\"e}t, Thomas and M{\'e}rigot, Quentin},
  journal={arXiv preprint arXiv:1605.00568},
  year={2016}
}

@misc{merigotpymongeampere,
       author = {Quentin Merigot},
       title = {{PyMongeAmpere code library}},
       year = {2014},
       howpublished={\url{https://github.com/mrgt/PyMongeAmpere}}
}

@article{leimkuhler1994symplectic,
  title={Symplectic numerical integrators in constrained Hamiltonian systems},
  author={Leimkuhler, Benedict J and Skeel, Robert D},
  journal={Journal of Computational Physics},
  volume={112},
  number={1},
  pages={117--125},
  year={1994},
  publisher={Elsevier}
}

@article{verlet1967computer,
  title={Computer" experiments" on classical fluids. I. Thermodynamical properties of Lennard-Jones molecules},
  author={Verlet, Loup},
  journal={Physical review},
  volume={159},
  number={1},
  pages={98},
  year={1967},
  publisher={APS}
}

@article{ryckaert1977numerical,
  title={Numerical integration of the cartesian equations of motion of a system with constraints: molecular dynamics of n-alkanes},
  author={Ryckaert, Jean-Paul and Ciccotti, Giovanni and Berendsen, Herman JC},
  journal={Journal of Computational Physics},
  volume={23},
  number={3},
  pages={327--341},
  year={1977},
  publisher={Elsevier}
}

@article{andersen1983rattle,
  title={Rattle: A ?velocity? version of the shake algorithm for molecular dynamics calculations},
  author={Andersen, Hans C},
  journal={Journal of Computational Physics},
  volume={52},
  number={1},
  pages={24--34},
  year={1983},
  publisher={Elsevier}
}

@article{okunbor1992explicit,
  title={Explicit canonical methods for Hamiltonian systems},
  author={Okunbor, Daniel and Skeel, Robert D},
  journal={Mathematics of computation},
  volume={59},
  number={200},
  pages={439--455},
  year={1992}
}

@article{ruth1983canonical,
  title={A canonical integration technique},
  author={Ruth, Ronald D},
  journal={IEEE Trans. Nucl. Sci.},
  volume={30},
  number={CERN-LEP-TH-83-14},
  pages={2669--2671},
  year={1983}
}
