@article{hoskins1971atmospheric,
  title={Atmospheric frontogenesis models: {S}ome solutions},
  author={Hoskins, BJ},
  journal={QJRMS},
  volume={97},
  number={412},
  pages={139--153},
  year={1971},
  publisher={Wiley Online Library}
}

@article{hoskins1972atmospheric,
  title={Atmospheric frontogenesis models: {M}athematical formulation and solution},
  author={Hoskins, Brian J and Bretherton, Francis P},
  journal={Journal of the Atmospheric Sciences},
  volume={29},
  number={1},
  pages={11--37},
  year={1972}
}

@article{shutts1987parcel,
  title={Parcel stability and its relation to semigeostrophic theory},
  author={Shutts, GJ and Cullen, MJP},
  journal={Journal of the Atmospheric Sciences},
  volume={44},
  number={9},
  pages={1318--1330},
  year={1987}
}

@article{cullen2003fully,
  title={The fully compressible semi-geostrophic system from meteorology},
  author={Cullen, Mike and Maroofi, Hamed},
  journal={Archive for rational mechanics and analysis},
  volume={167},
  number={4},
  pages={309--336},
  year={2003},
  publisher={Springer}
}

@book{cullen2006mathematical,
  title={A mathematical theory of large-scale atmosphere/ocean flow},
  author={Cullen, Michael JP},
  year={2006},
  publisher={World Scientific}
}

@article{visram2014framework,
  title={A framework for evaluating model error using asymptotic convergence in the {E}ady model},
  author={Visram, AR and Cotter, CJ and Cullen, MJP},
  journal={QJRMS},
  volume={140},
  number={682},
  year={2014}
}

@article{gallouet2016lagrangian,
  title={A {L}agrangian scheme for the incompressible {E}uler equation using optimal transport},
  author={Gallou{\"e}t, Thomas and M{\'e}rigot, Quentin},
  journal={arXiv preprint arXiv:1605.00568},
  year={2016}
}

@misc{merigotpymongeampere,
       author = {Quentin M{\'e}rigot},
       title = {{PyMongeAmpere code library}},
       year = {2014},
       howpublished={\url{https://github.com/mrgt/PyMongeAmpere}}
}

@article{merigot2017algorithm,
  title={An algorithm for optimal transport between a simplex soup and a point cloud},
  author={M{\'e}rigot, Quentin and Meyron, Jocelyn and Thibert, Boris},
  journal={arXiv preprint arXiv:1707.01337},
  year={2017}
}

@article{brenier1989least,
  title={The least action principle and the related concept of generalized flows for incompressible perfect fluids},
  author={Brenier, Yann},
  journal={Journal of the American Mathematical Society},
  volume={2},
  number={2},
  pages={225--255},
  year={1989}
}

@article{leimkuhler1994symplectic,
  title={Symplectic numerical integrators in constrained {H}amiltonian systems},
  author={Leimkuhler, Benedict J and Skeel, Robert D},
  journal={J. Comput. Phys.},
  volume={112},
  number={1},
  year={1994},
  publisher={Elsevier}
}

@article{verlet1967computer,
  title={Computer 'experiments' on classical fluids. {I}. Thermodynamical properties of {L}ennard-{J}ones molecules},
  author={Verlet, Loup},
  journal={Physical Review},
  volume={159},
  number={1},
  pages={98},
  year={1967},
  publisher={APS}
}

@article{ryckaert1977numerical,
  title={Numerical integration of the {C}artesian equations of motion of a system with constraints: molecular dynamics of n-alkanes},
  author={Ryckaert, Jean-Paul and Ciccotti, Giovanni and Berendsen, Herman JC},
  journal={Journal of Computational Physics},
  volume={23},
  number={3},
  pages={327--341},
  year={1977},
  publisher={Elsevier}
}

@article{andersen1983rattle,
  title={Rattle: A 'velocity' version of the shake algorithm for molecular dynamics calculations},
  author={Andersen, Hans C},
  journal={Journal of Computational Physics},
  volume={52},
  number={1},
  pages={24--34},
  year={1983},
  publisher={Elsevier}
}

@article{okunbor1992explicit,
  title={Explicit canonical methods for {H}amiltonian systems},
  author={Okunbor, Daniel and Skeel, Robert D},
  journal={Mathematics of Computation},
  volume={59},
  number={200},
  pages={439--455},
  year={1992}
}

@article{ruth1983canonical,
  title={A canonical integration technique},
  author={Ruth, Ronald D},
  journal={IEEE Trans. Nucl. Sci.},
  volume={30},
  number={CERN-LEP-TH-83-14},
  pages={2669--2671},
  year={1983}
}

@article{cullen1993geometric,
  title={A geometric model of the nonlinear equilibration of two-dimensional {E}ady waves},
  author={Cullen, MJP and Roulstone, I},
  journal={Journal of the Atmospheric Sciences},
  volume={50},
  number={2},
  pages={328--332},
  year={1993}
}
